% Encoding: UTF-8

@Book{liu1994,
  author    = {Lon Mu Liu},
  title     = {Forecasting and Time Series Analysis Using the SCA Statistical System},
  year      = {1994},
  language  = {english},
  volume    = {1},
  publisher = {Scientific Computing Associates Corp.},
  location  = {Chicago, Illinois},
  isbn      = {978-0890355558},
}

@Book{mills2011,
  author    = {Terence C. Mills},
  title     = {The Foundations of Modern Time Series Analysis},
  year      = {2011},
  language  = {english},
  publisher = {Palgrave Macmillan},
  location  = {Basingstoke, Hampshire},
  isbn      = {978-0-230-29018-1},
}

@Book{box2008,
  author    = {Box, George E. P.},
  title     = {Time series analysis},
  year      = {2008},
  subtitle  = {forecasting and control},
  publisher = {John Wiley \& Sons},
  location  = {Hoboken, New Jersey},
  isbn      = {978-0-470-27284-8},
}

@Book{runova2013,
  author    = {Л. П. Рунова},
  title     = {Модель авторегрессии и скользящего среднего (ARMA)},
  year      = {2013},
  publisher = {Издательство ЮФУ},
  location  = {Ростов-на-Дону},
  isbn      = {978-5-699-22086-1},
  pagetotal = {59},
}

@Book{hamilton1994,
  author    = {Hamilton, James D.},
  title     = {Time series analysis},
  year      = {1994},
  publisher = {Princeton University Press},
  location  = {Princeton, New Jersey},
  isbn      = {0-691-04289-6},
}

@InBook{chernodub2012,
  author    = {А. М. Чернодуб},
  title     = {Обучение рекуррентных нейронных сетей методом псевдорегуляризации для многошагового прогнозирования на примере хаотического процесса Маккея-Гласса},
  booktitle = {Problems of Computer Intellectualization},
  year      = {2012},
  publisher = {ITHEA},
  location  = {Jusautor, Sofia},
  isbn      = {978-966-02-6529-5},
  pages     = {141-151},
}

@Book{osovskiy2002,
  author       = {Станислав Осовский},
  title        = {Нейронные сети для обработки информации},
  year         = {2002},
  translator   = {И. Д. Рудинский},
  language     = {russian},
  origlanguage = {polish},
  publisher    = {Финансы и статистика},
  location     = {М.},
  isbn         = {5-279-02567-4},
  pagetotal    = {344},
}

@Book{haykin1999,
  author    = {Simon Haykin},
  title     = {Neural networks, a comprehensive foundation},
  year      = {1999},
  edition   = {2},
  publisher = {Prentice Hall},
  location  = {Upper Saddle River, New Jersey},
  isbn      = {0-13-908385-5},
}

@Article{naseera2015,
  author    = {Shaik Naseera and G. K. Rajini and N. Amutha Prabha and G. Abhishek},
  title     = {A Comparative Study on {CPU} Load Predictions in a Computational Grid using Artificial Neural Network Algorithms},
  journal   = {Indian Journal of Science and Technology},
  year      = {2015},
  volume    = {8},
  number    = {35},
  issn      = {0974-5645},
  publisher = {Indian Society for Education and Environment},
}

@Book{medsker2000,
  author    = {L. R. Medsker and L. C. Jain},
  title     = {Recurrent neural networks},
  year      = {2000},
  subtitle  = {design and applications},
  publisher = {CRC Press LLC},
  location  = {Boca Raton, Florida},
  isbn      = {0-8493-7181-3},
}

@Online{osmxbean,
  title = {Официальная документация Oracle [Электронный ресурс] // Oracle Docs: Interface OperatingSystemMXBean. URL: --- Режим доступа: \url{https://docs.oracle.com/javase/7/docs/jre/api/management/extension/com/sun/management/OperatingSystemMXBean.html}, свободный. Дата запроса 14.02.2018.},
}

@Comment{jabref-meta: databaseType:biblatex;}

r
